<record><leader>00000cas a22000007a 4500</leader><controlfield tag="001">9291405</controlfield><controlfield tag="008">830308d18441848meuir ne      0    0eng  </controlfield><controlfield tag="009">466</controlfield><datafield ind1=" " ind2=" " tag="010"><subfield code="a">sn 83016006 </subfield></datafield><datafield ind1=" " ind2=" " tag="040"><subfield code="a">DLC</subfield><subfield code="b">eng</subfield><subfield code="c">DLC</subfield><subfield code="d">NPW</subfield><subfield code="d">NPX</subfield><subfield code="d">NPY</subfield><subfield code="d">DLC</subfield><subfield code="d">YOX</subfield><subfield code="d">NVF</subfield><subfield code="d">MBN</subfield><subfield code="d">OCL</subfield><subfield code="d">OCLCO</subfield><subfield code="d">OCLCF</subfield></datafield><datafield ind1="1" ind2=" " tag="029"><subfield code="a">AU@</subfield><subfield code="b">000025834240</subfield></datafield><datafield ind1=" " ind2=" " tag="042"><subfield code="a">msc</subfield></datafield><datafield ind1=" " ind2=" " tag="043"><subfield code="a">n-us-me</subfield></datafield><datafield ind1="0" ind2="0" tag="050"><subfield code="a">Newspaper 8043</subfield></datafield><datafield ind1="0" ind2=" " tag="130"><subfield code="a">Tri-weekly Argus (Portland, Me.)</subfield></datafield><datafield ind1="0" ind2="0" tag="245"><subfield code="a">Tri-weekly Argus.</subfield></datafield><datafield ind1=" " ind2=" " tag="260"><subfield code="a">Portland, Me. :</subfield><subfield code="b">Case &amp; Holden,</subfield><subfield code="c">1844-</subfield></datafield><datafield ind1=" " ind2=" " tag="300"><subfield code="a">v. ;</subfield><subfield code="c">52 cm.</subfield></datafield><datafield ind1=" " ind2=" " tag="310"><subfield code="a">Triweekly</subfield></datafield><datafield ind1="0" ind2=" " tag="362"><subfield code="a">Vol. 12, no. 57 (May 10, 1844)-v. 13, no. 163 (Dec. 29, 1848).</subfield></datafield><datafield ind1=" " ind2=" " tag="500"><subfield code="a">Publishers: Holden &amp; Sanborn, 1845-&lt;1846&gt;.</subfield></datafield><datafield ind1=" " ind2=" " tag="500"><subfield code="a">Discrepancies in volume and issue numbering, 1845-1847.</subfield></datafield><datafield ind1=" " ind2=" " tag="580"><subfield code="a">Daily ed.: Daily Argus (Portland, Me.).</subfield></datafield><datafield ind1=" " ind2=" " tag="580"><subfield code="a">Weekly ed.: Eastern Argus (Portland, Me. : 1803).</subfield></datafield><datafield ind1=" " ind2="0" tag="651"><subfield code="a">Portland (Me.)</subfield><subfield code="v">Newspapers.</subfield></datafield><datafield ind1=" " ind2="7" tag="655"><subfield code="a">Newspapers.</subfield><subfield code="2">fast</subfield><subfield code="0">(OCoLC)fst01423814</subfield></datafield><datafield ind1=" " ind2="7" tag="651"><subfield code="a">Maine</subfield><subfield code="z">Portland.</subfield><subfield code="2">fast</subfield><subfield code="0">(OCoLC)fst01213254</subfield></datafield><datafield ind1=" " ind2=" " tag="752"><subfield code="a">United States</subfield><subfield code="b">Maine</subfield><subfield code="c">Cumberland</subfield><subfield code="d">Portland.</subfield></datafield><datafield ind1="1" ind2=" " tag="775"><subfield code="t">Daily Argus (Portland, Me.)</subfield><subfield code="g">1844-1848</subfield><subfield code="w">(DCL)sn 83009680</subfield></datafield><datafield ind1="1" ind2=" " tag="775"><subfield code="t">Eastern Argus (Portland, Me. : 1803)</subfield><subfield code="w">(DLC)sn 83016009</subfield></datafield><datafield ind1="0" ind2="0" tag="780"><subfield code="t">Eastern Argus (Portland, Me. : 1824)</subfield><subfield code="w">(DLC)sn 83016004</subfield></datafield><datafield ind1="0" ind2="0" tag="785"><subfield code="t">Eastern argus (Portland, Me. : 1848 : Triweekly)</subfield><subfield code="w">(DLC)sn 83016008</subfield></datafield></record>